%% This BibTeX bibliography file was created using BibDesk.
%% http://bibdesk.sourceforge.net/


%% Created for HU Pili at 2013-06-15 16:05:27 +0800 


%% Saved with string encoding Unicode (UTF-8) 



@misc{ng2008lecture-kernel,
	Author = {Ng, Andrew},
	Date-Added = {2013-06-15 08:04:26 +0000},
	Date-Modified = {2013-06-15 08:05:27 +0000},
	Howpublished = {Stanford Machine Learning (Lecture 8)},
	Title = {Kernel},
	Year = {2008}}
